<record><leader>00000cas a2200000 a 4500</leader><controlfield tag="001">9941652</controlfield><controlfield tag="008">830923d184118uunyudn ne      0   a0eng c</controlfield><datafield ind1=" " ind2=" " tag="010"><subfield code="a">sn 83031655 </subfield></datafield><datafield ind1=" " ind2=" " tag="040"><subfield code="a">NPU</subfield><subfield code="b">eng</subfield><subfield code="c">NPU</subfield><subfield code="d">NPX</subfield><subfield code="d">NYS</subfield><subfield code="d">NYG</subfield><subfield code="d">NYS</subfield><subfield code="d">OCL</subfield><subfield code="d">NYS</subfield><subfield code="d">OCLCQ</subfield><subfield code="d">OCLCF</subfield><subfield code="d">OCLCO</subfield><subfield code="d">DLC</subfield></datafield><datafield ind1="0" ind2=" " tag="022"><subfield code="a">2381-6368</subfield><subfield code="2">1</subfield></datafield><datafield ind1=" " ind2=" " tag="042"><subfield code="a">pcc</subfield><subfield code="a">nsdp</subfield></datafield><datafield ind1=" " ind2=" " tag="043"><subfield code="a">n-us-ny</subfield></datafield><datafield ind1="1" ind2="0" tag="050"><subfield code="a">ISSN RECORD</subfield></datafield><datafield ind1="1" ind2="0" tag="082"><subfield code="a">071</subfield><subfield code="2">23</subfield></datafield><datafield ind1=" " ind2="0" tag="222"><subfield code="a">Daily Saratoga sentinel</subfield></datafield><datafield ind1="0" ind2="0" tag="245"><subfield code="a">Daily Saratoga sentinel.</subfield></datafield><datafield ind1=" " ind2=" " tag="260"><subfield code="a">Saratoga Springs [N.Y.] :</subfield><subfield code="b">Wilbur &amp; Corey</subfield></datafield><datafield ind1=" " ind2=" " tag="300"><subfield code="a">v. ;</subfield><subfield code="c">41 cm.</subfield></datafield><datafield ind1=" " ind2=" " tag="310"><subfield code="a">Daily (except Sunday)</subfield></datafield><datafield ind1="1" ind2=" " tag="362"><subfield code="a">Began in 1841?</subfield></datafield><datafield ind1=" " ind2=" " tag="500"><subfield code="a">Published only during summer months?</subfield></datafield><datafield ind1=" " ind2=" " tag="500"><subfield code="a">Publishers: Wilbur &amp; Corey, &lt;1842&gt;; H. Wilbur, &lt;1845&gt;.</subfield></datafield><datafield ind1=" " ind2=" " tag="500"><subfield code="a">Editor: J.A. Corey, &lt;1842&gt;.</subfield></datafield><datafield ind1=" " ind2=" " tag="580"><subfield code="a">Weekly eds. : Saratoga sentinel and Democratic champion, &lt;1841&gt;; Saratoga sentinel (Saratoga Springs, N.Y. : 1843), &lt;1843-1847&gt;.</subfield></datafield><datafield ind1=" " ind2=" " tag="588"><subfield code="a">Description based on: Vol. 2, no. 1 (June 6, 1842); title from caption.</subfield></datafield><datafield ind1=" " ind2="0" tag="651"><subfield code="a">Saratoga Springs (N.Y.)</subfield><subfield code="v">Newspapers.</subfield></datafield><datafield ind1=" " ind2="0" tag="651"><subfield code="a">Saratoga County (N.Y.)</subfield><subfield code="v">Newspapers.</subfield></datafield><datafield ind1=" " ind2="7" tag="651"><subfield code="a">New York (State)</subfield><subfield code="z">Saratoga County.</subfield><subfield code="2">fast</subfield><subfield code="0">(OCoLC)fst01210046</subfield></datafield><datafield ind1=" " ind2="7" tag="651"><subfield code="a">New York (State)</subfield><subfield code="z">Saratoga Springs.</subfield><subfield code="2">fast</subfield><subfield code="0">(OCoLC)fst01206823</subfield></datafield><datafield ind1=" " ind2="7" tag="655"><subfield code="a">Newspapers.</subfield><subfield code="2">fast</subfield><subfield code="0">(OCoLC)fst01423814</subfield></datafield><datafield ind1=" " ind2=" " tag="752"><subfield code="a">United States</subfield><subfield code="b">New York</subfield><subfield code="c">Saratoga</subfield><subfield code="d">Saratoga Springs.</subfield></datafield><datafield ind1="1" ind2=" " tag="775"><subfield code="t">Saratoga sentinel and Democratic champion</subfield><subfield code="x">2381-6317</subfield><subfield code="w">(DLC)sn 86071076</subfield><subfield code="w">(OCoLC)13104580</subfield></datafield><datafield ind1="1" ind2=" " tag="775"><subfield code="t">Saratoga sentinel (Saratoga Springs, N.Y. : 1843)</subfield><subfield code="x">2381-6341</subfield><subfield code="w">(DLC)sn 00063006</subfield><subfield code="w">(OCoLC)43609308</subfield></datafield><datafield ind1="1" ind2=" " tag="029"><subfield code="a">AU@</subfield><subfield code="b">000020350619</subfield></datafield></record>